%%%%%%%%%%%%%%%%%%%%%%%%%%%%%%%%%%%%%%%%%%%%%%%%%%%%%%%%%%%%%%%%%%%%%%%%%%%%%%%
%%% $Id$
%%%%%%%%%%%%%%%%%%%%%%%%%%%%%%%%%%%%%%%%%%%%%%%%%%%%%%%%%%%%%%%%%%%%%%%%%%%%%%%

@Manual{,
  title = 	 {The e-TeX Short Reference Manual},
  OPTkey = 	 {},
  author =	 {{NTS Team}},
  OPTorganization = {},
  OPTaddress = 	 {},
  OPTedition = 	 {},
  year =	 1996,
  month =	 oct,
  note =	 {\url{http://www.uni-mainz.de/~knappen/etex_ref.html}}
}

