%%%%%%%%%%%%%%%%%%%%%%%%%%%%%%%%%%%%%%%%%%%%%%%%%%%%%%%%%%%%%%%%%%%%%%%%%%%%%%%
%%% $Id: coding.bib,v 0.00 2009/02/07 20:53:52 gene Exp $
%%%%%%%%%%%%%%%%%%%%%%%%%%%%%%%%%%%%%%%%%%%%%%%%%%%%%%%%%%%%%%%%%%%%%%%%%%%%%%%


@Misc{Amb99,
  key =		 {Amb99},
  author =	 {Scott W. Ambler},
  title =	 {Writing Robust Java Code -- The AmbySoft Inc. Coding Standards for Java, v17.01d},
  OPThowpublished = {},
  year =	 1999,
  OPTmonth = 	 {},
  note =	 {http://www.ambysoft.com/javaCodingStandards.html; See also \cite{VAB00}},
  OPTannote = 	 {}
}

@Misc{Bad99,
  OPTkey = 	 {},
  author =	 {Christie Badeaux},
  title =	 {Netscape’s Software Coding Standards Guide for Java},
  OPThowpublished = {},
  year =	 1999,
  OPTmonth = 	 {},
  note =	 {http://developer.netscape.com/docs/technote/java/codestyle.html},
  OPTannote = 	 {}
}

@Misc{Chi98,
  OPTkey = 	 {},
  author =	 {{ChiMu Corporation}},
  title =	 {ChiMu OO and Java Development Guidelines and Resources, v1.8 [mlf-980228]},
  OPThowpublished = {},
  year =	 1998,
  OPTmonth = 	 {},
  note =	 {http://www.chimu.com/publications/javaStandards/index.html},
  OPTannote = 	 {}
}

@Book{Fow99,
  author = 	 {Martin Fowler},
  title = 	 {Refactoring},
  publisher = 	 {Addison-Wesley},
  year = 	 1999,
  OPTkey = 	 {},
  OPTeditor = 	 {},
  OPTvolume = 	 {},
  OPTnumber = 	 {},
  OPTseries = 	 {},
  OPTaddress = 	 {},
  OPTedition = 	 {},
  OPTmonth = 	 {},
  OPTnote = 	 {},
  OPTannote = 	 {}
}

@Book{GHJ94,
  author = 	 {Erich Gamma and Richard Helm and Ralph Johnson and John Vlissides},
  title = 	 {Design Patterns -- Elements of Reusable Object-Oriented Software},
  publisher = 	 {Addison-Wesley},
  year = 	 1994,
  OPTkey = 	 {},
  OPTeditor = 	 {},
  OPTvolume = 	 {},
  OPTnumber = 	 {},
  OPTseries = 	 {},
  OPTaddress = 	 {},
  OPTedition = 	 {},
  OPTmonth = 	 {},
  OPTnote = 	 {},
  OPTannote = 	 {}
}

@Book{HT99,
  author = 	 {Andrew Hunt and David Thomas},
  title = 	 {The Pragmatic Programmer -- From Journeyman to Master},
  publisher = 	 {Addison-Wesley},
  year = 	 1999,
  OPTkey = 	 {},
  OPTeditor = 	 {},
  OPTvolume = 	 {},
  OPTnumber = 	 {},
  OPTseries = 	 {},
  OPTaddress = 	 {},
  OPTedition = 	 {},
  OPTmonth = 	 {},
  OPTnote = 	 {},
  OPTannote = 	 {}
}

@Misc{Lea00,
  key =		 {Lea00},
  author =	 {Doug Lea},
  title =	 {Draft Java Coding Standard},
  OPThowpublished = {},
  year =	 2000,
  OPTmonth = 	 {},
  note =	 {http://gee.cs.oswego.edu/dl/html/javaCodingStd.html},
  OPTannote = 	 {}
}

@Misc{Sun99,
  key =		 {Sun99},
  author =	 {{Sun Microsystems Inc.}},
  title =	 {Code Conventions for the Java Programming Language},
  OPThowpublished = {},
  year =	 1999,
  OPTmonth = 	 {},
  note =	 {http://java.sun.com/docs/codeconv/},
  OPTannote = 	 {}
}

@Book{VAB00,
  author = 	 {Allen Vermeulen and Scott W. Ambler and Greg
  Bumgardner and Eldon Metz and Trevor Misfeldt and Jim Shur and
  Patrick Thompson},
  title = 	 {The Elements of Java Style},
  publisher = 	 {Cambridge University Press},
  year = 	 2000,
  OPTkey = 	 {},
  OPTeditor = 	 {},
  OPTvolume = 	 {},
  OPTnumber = 	 {},
  OPTseries = 	 {},
  OPTaddress = 	 {},
  OPTedition = 	 {},
  OPTmonth = 	 {},
  note =	 {based on \cite{Amb99}},
  OPTannote = 	 {}
}

@Misc{Whe03,
  key =		 {Whe03},
  author = 	 {Paul Wheaton},
  title = 	 {Java Programming Style Guide},
  OPThowpublished = {},
  year = 	 2003,
  OPTmonth = 	 {},
  note =	 {http://www.javaranch.com/style.jsp},
  OPTannote = 	 {}
}

@Misc{checkstyle,
  key =		 {CS},
  title = 	 {Checkstyle},
  OPThowpublished = {},
  OPTyear = 	 2003,
  OPTmonth = 	 {},
  note =	 {http://checkstyle.sourceforge.net},
  OPTannote = 	 {}
}
