%%%%%%%%%%%%%%%%%%%%%%%%%%%%%%%%%%%%%%%%%%%%%%%%%%%%%%%%%%%%%%%%%%%%%%%%%%%%%%%
%%% $Id:BoFnotes.bib 5959 2007-07-14 07:35:58Z gene $
%%%%%%%%%%%%%%%%%%%%%%%%%%%%%%%%%%%%%%%%%%%%%%%%%%%%%%%%%%%%%%%%%%%%%%%%%%%%%%%

@Manual{ NTS-BoF-2001,
  title = 	 {NTS BoF Session notes, Bacho\TeX2001},
  author =	 {Jerzy B. Ludwichowski},
  OPTorganization = {},
  OPTaddress = 	 {},
  OPTedition = 	 {},
  year =	 2001,
  OPTmonth = 	 {},
  note =	 {Personal communication}
}

