%%%%%%%%%%%%%%%%%%%%%%%%%%%%%%%%%%%%%%%%%%%%%%%%%%%%%%%%%%%%%%%%%%%%%%%%%%%%%%%
%%% $Id: neuform.bib,v 0.00 2007/06/29 08:57:25 gene Exp $
%%%%%%%%%%%%%%%%%%%%%%%%%%%%%%%%%%%%%%%%%%%%%%%%%%%%%%%%%%%%%%%%%%%%%%%%%%%%%%%

@Article{heckmann.wilhel:functional,
  author = 	 {Reinhold Heckmann and Reinhard Wilhelm},
  title = 	 {A Functional Description of TeX's Formula Layout},
  journal = 	 {Journal of Functional Programming},
  year = 	 {1997},
  volume =	 {7},
  number =	 {5},
  pages =	 {451--485},
  url = 	 {http://rw4.cs.uni-sb.de/~heckmann/doc.html}
}

