%%%%%%%%%%%%%%%%%%%%%%%%%%%%%%%%%%%%%%%%%%%%%%%%%%%%%%%%%%%%%%%%%%%%%%%%%%%%%%%
%%% $Id$
%%%%%%%%%%%%%%%%%%%%%%%%%%%%%%%%%%%%%%%%%%%%%%%%%%%%%%%%%%%%%%%%%%%%%%%%%%%%%%%


@Manual{coding-conventions,
  title = 	 {Java Code Conventions},
  OPTkey = 	 {},
  OPTauthor = 	 {},
  OPTorganization = {},
  address =	 {Scott Hommel (Maintainer)},
  OPTedition = 	 {},
  OPTyear = 	 {},
  OPTmonth = 	 {},
  note =	 {Location: \texttt{ftp://ftp.javasoft.com/docs/codeconv/CodeConventions.pdf}},
  OPTannote = 	 {}
}

