%%%%%%%%%%%%%%%%%%%%%%%%%%%%%%%%%%%%%%%%%%%%%%%%%%%%%%%%%%%%%%%%%%%%%%%%%%%%%%%
%%% $Id: eurotex-bibtex++.bib,v 0.00 2008/05/18 14:18:29 gene Exp $
%%%%%%%%%%%%%%%%%%%%%%%%%%%%%%%%%%%%%%%%%%%%%%%%%%%%%%%%%%%%%%%%%%%%%%%%%%%%%%%

@InProceedings{Sastre.ea:bibtex++,
  author = 	 {Laura Barrero Sastre and
                  Fabien Dagnat and
                  Emmanuel Donin de {Rosi\`ere} and
                  Ronan Keryell and
                  Nicolas Torneri},
  title = 	 {{\BibTeX++}: Towards Higher-order {\BibTeX ing}},
  booktitle = 	 {Proceedings of {Euro\TeX~2003}},
  OPTeditor = 	 {},
  year = 	 2003,
  OPTorganization = {},
  OPTpublisher = {},
  OPTaddress = 	 {},
  OPTmonth = 	 {},
  OPTpages = 	 {},
  OPTnote = 	 {},
  OPTannote = 	 {}
}

