%%%%%%%%%%%%%%%%%%%%%%%%%%%%%%%%%%%%%%%%%%%%%%%%%%%%%%%%%%%%%%%%%%%%%%%%%%%%%%%
%%% $Id: patashnik.bib,v 0.00 2008/04/16 20:29:52 gene Exp $
%%%%%%%%%%%%%%%%%%%%%%%%%%%%%%%%%%%%%%%%%%%%%%%%%%%%%%%%%%%%%%%%%%%%%%%%%%%%%%%

@Article{,
  author = 	 {Oren Patashnik},
  title = 	 {{\BibTeX} yesterday, today, and tomorrow},
  journal = 	 {TUGboat},
  year = 	 {2003},
  volume =	 {24},
  number =	 {1},
  OPTmonth = 	 {},
  OPTpages = 	 {},
  OPTnote = 	 {},
  OPTannote = 	 {}
}

