%%%%%%%%%%%%%%%%%%%%%%%%%%%%%%%%%%%%%%%%%%%%%%%%%%%%%%%%%%%%%%%%%%%%%%%%%%%%%%%
%%% $Id: greek.bib,v 0.00 2008/05/17 22:11:07 gene Exp $
%%%%%%%%%%%%%%%%%%%%%%%%%%%%%%%%%%%%%%%%%%%%%%%%%%%%%%%%%%%%%%%%%%%%%%%%%%%%%%%

@Book{ aristotle,
  author = 	 {Aριστoτέλης},
  title = 	 {title},
  publisher = 	 {publisher},
  year = 	 {year}
}

