%%%%%%%%%%%%%%%%%%%%%%%%%%%%%%%%%%%%%%%%%%%%%%%%%%%%%%%%%%%%%%%%%%%%%%%%%%%%%%%
%%% $Id: data.bib,v 0.00 2008/05/17 22:11:07 gene Exp $
%%%%%%%%%%%%%%%%%%%%%%%%%%%%%%%%%%%%%%%%%%%%%%%%%%%%%%%%%%%%%%%%%%%%%%%%%%%%%%%

@Item{ a,  value = {a} }
@Item{ ae,  value = {ae} }
@Item{ ab,  value = {ab} }
@Item{ af,  value = {af} }
@Item{ a1,  value = {A} }
@Item{ ae1,  value = {ä} }
@Item{ ac,  value = {ac} }
