%%%%%%%%%%%%%%%%%%%%%%%%%%%%%%%%%%%%%%%%%%%%%%%%%%%%%%%%%%%%%%%%%%%%%%%%%%%%%%%
%%% $Id: references.bib,v 0.00 2008/04/30 19:40:01 gene Exp $
%%%%%%%%%%%%%%%%%%%%%%%%%%%%%%%%%%%%%%%%%%%%%%%%%%%%%%%%%%%%%%%%%%%%%%%%%%%%%%%

@InProceedings{neugebauer:namespace,
  author = 	 {Gerd Neugebauer},
  title = 	 {Namespaces for {\ExTeX}},
  booktitle = 	 {Proceedings Euro\TeX{} 2005},
  OPTcrossref =  {},
  OPTkey = 	 {},
  editor =	 {Volker RW Schaa},
  OPTvolume = 	 {},
  OPTnumber = 	 {},
  OPTseries = 	 {},
  year =	 {2005},
  OPTorganization = {},
  OPTpublisher = {},
  OPTaddress = 	 {},
  OPTmonth = 	 {},
  pages =	 {67--70},
  OPTnote = 	 {},
  OPTannote = 	 {}
}

@PhdThesis{liang:word,
  author = 	 {Franklin Mark Liang},
  title = 	 {Word Hy-phen-a-tion by a Com-pu-ter},
  school = 	 {Department of computer science, Stanford University},
  year = 	 1983,
  OPTkey = 	 {},
  OPTaddress = 	 {},
  OPTtype = 	 {},
  OPTmonth = 	 {},
  OPTnote = 	 {},
  OPTannote = 	 {}
}

@Book{		  knuth:texbook,
  author	= {Donald E. Knuth},
  title		= {The {\TeX book}},
  publisher	= {Addison-Wesley Publishing Company},
  address	= {Reading, Mass.},
  year		= 1989,
  edition	= {15},
  volume	= {A},
  series	= {Computers and Typesetting}
}

@Article{patashnik:bibtex,
  author = 	 {Oren Patashnik},
  title = 	 {{\BibTeX} yesterday, today, and tomorrow},
  journal = 	 {TUGboat},
  year = 	 {2003},
  volume =	 {24},
  number =	 {1},
  OPTmonth = 	 {},
  OPTpages = 	 {},
  OPTnote = 	 {},
  OPTannote = 	 {}
}

@Book{lamport:latex,
  author = "Leslie Lamport",
  title = "{\LaTeX:} {A} Document Preparation System",
  publisher = "Addison-Wesley",
  year = 1986 
}

@Unpublished{btxdoc,
  author = "Oren Patashnik",
  title = "{{\BibTeX ing}}",
  note = "Documentation for general {\BibTeX} users",
  month = "8~" # feb,
  year = 1988
}

@Unpublished{btxhak,
  author = "Oren Patashnik",
  title = "Designing {\BibTeX} Styles",
  note = "The part of \BibTeX's documentation
          that's not meant for general users",
  month = "8~" # feb,
  year = 1988
}


